<?xml version="1.0" encoding="UTF-8"?><collection xmlns="http://www.loc.gov/MARC21/slim"><record><leader>00352nam--2200121-i-4500</leader><controlfield tag="001">000033375</controlfield><controlfield tag="002">20161230</controlfield><controlfield tag="005">20161230201039</controlfield><controlfield tag="008">060222s1000------------r-----000-0-eng-d</controlfield><datafield ind1=" " ind2=" " tag="100"><subfield code="a">Montgomerie, G.A</subfield></datafield><datafield ind1=" " ind2=" " tag="245"><subfield code="a">Digital calculating machines and their application to scientific and engineering work</subfield></datafield><datafield ind1=" " ind2=" " tag="260"><subfield code="a">London, Blackie, /1956/, 262p</subfield></datafield><datafield ind1=" " ind2=" " tag="852"><subfield code="a">12321</subfield></datafield></record></collection>